--------------------------------------------------------------------------------

@book{chiaretta2019asp,
  title        = {{ASP.NET Core 2 Succinctly}},
  author       = {Simone Chiaretta and Ugo Lattanzi},
  year         = {2019},
  publisher    = {{Syncfusion}}
}

@misc{omg2017uml,
  title        = {{Unified Modeling Language Specification Version 2.5.1}},
  author       = {{Object Management Group}},
  year         = {2017}
}

@book{sommerville2010software,
  title        = {{Software Engineering}},
  author       = {Ian Sommerville},
  edition      = {{9th edition}},
  year         = {2010},
  publisher    = {{Pearson Education}}
}

@article{chen1976entity,
  title        = {{The Entity-Relationship Model - Toward a Unified View of Data}},
  author       = {Chen, Peter Pin-Shan},
  journal      = {{ACM Transactions on Database Systems}},
  volume       = {1},
  number       = {1},
  year         = {1976},
  pages        = {9--36},
  publisher    = {{ACM}}
}

--------------------------------------------------------------------------------
